
@article{cite1,
  title={Closing Schools in a Shrinking District: Do Student Outcomes Depend on Which Schools are Closed?},
  author={J. Engberg and B. Gill, G. Zamarro and Zimmer, R.},
  journal={Journal of Urban Economics},
  volume={71},
  number={2},
  pages={189--203},
  year={2012}
}


@article{cite2,
  title={When the Saints go Marching Out: Long-Term Outcomes for Student Evacuees from Hurricanes Katrina and Rita},
  author={B. Sacerdote},
  journal={American Economic Journal: Applied Economics},
  volume={4},
  number={1},
  pages={109--135},
  year={2012}
}
